
@article{armstrong62PR,
  title={Interactions between light waves in a nonlinear dielectric},
  author={Armstrong, J. A. and Bloembergen, N. and Ducuing, J. and Pershan, P.
  S.},
  journal={Phys. Rev.},
  volume={127},
  number={6},
  pages={1918},
  year={1962},
  publisher={APS}
}

@article{bloembergen1962PR,
  title={Light waves at the boundary of nonlinear media},
  author={Bloembergen, N. and Pershan, P. S.},
  journal={Phys. Rev.},
  volume={128},
  number={2},
  pages={606},
  year={1962},
  publisher={APS}
}

@article{bridges1964APL,
  title={Laser oscillation in singly ionized argon in the visible spectrum},
  author={Bridges, W. B.},
  journal={App. Phys. Lett.},
  volume={4},
  number={7},
  pages={128--130},
  year={1964},
  publisher={AIP}
}

@article{franken61PRL,
  title={Generation of optical harmonics},
  author={Franken, P. A. and Hill, A. E. and Peters, C. W. and Weinreich, G.},
  journal={Phys. Rev. Lett.},
  volume={7},
  number={4},
  pages={118},
  year={1961},
  publisher={APS}
}

@article{guyot88PRB,
  title={Bulk contribution in surface second-harmonic generation},
  author={Guyot-Sionnest, P. and Shen, Y. R.},
  journal={Phys. Rev. B},
  volume={38},
  number={12},
  pages={7985},
  year={1988},
  publisher={APS}
}

@article{lukishova10JEOSRP,
  title={Valentin A. Fabrikant: negative absorption, his 1951 patent
  application for amplification of electromagnetic radiation (ultraviolet,
  visible, infrared and radio spectral regions) and his experiments},
  author={Lukishova, S. G.},
  journal={Jour. of the Eur. Opt. Soc. Rap. Pub.},
  volume={5},
  year={2010}
}

@article{maiman60Nat,
  title={Stimulated optical radiation in ruby},
  author={Maiman, Theodore H},
  journal={nature},
  volume={187},
  number={4736},
  pages={493--494},
  year={1960},
  publisher={Springer}
}

@article{strickland85OC,
  title={Compression of amplified chirped optical pulses},
  author={Strickland, D. and Mourou, G.},
  journal={Op. Comm.},
  volume={55},
  number={6},
  pages={447--449},
  year={1985},
  publisher={Elsevier}
}

%%%%%%%%%%%%%%%%%%%%%%%%%%%%%%%%%%%%%%%%%%%%%%%%%%%%%%%%%%%%%%%%%%%%%%%%%%%%%%%
%%%%%%%%%%%%%%%%%%%%%%%%%%%%%%%%%%%%%%%%%%%%%%%%%%%%%%%%%%%%%%%%%%%%%%%%%%%%%%%

@book{boyd03nonlinear,
  title={Nonlinear optics},
  author={Boyd, R. W.},
  year={2003},
  publisher={Academic Press}
}

%%%%%%%%%%%%%%%%%%%%%%%%%%%%%%%%%%%%%%%%%%%%%%%%%%%%%%%%%%%%%%%%%%%%%%%%%%%%%%%
%%%%%%%%%%%%%%%%%%%%%%%%%%%%%%%%%%%%%%%%%%%%%%%%%%%%%%%%%%%%%%%%%%%%%%%%%%%%%%%

@inproceedings{rawicz08PSPIE,
  title={Theodore Harold Maiman and the invention of laser},
  author={Rawicz, A. H.},
  booktitle={Proc. of SPIE},
  volume={7138},
  pages={713802--1},
  year={2008}
}

%%%%%%%%%%%%%%%%%%%%%%%%%%%%%%%%%%%%%%%%%%%%%%%%%%%%%%%%%%%%%%%%%%%%%%%%%%%%%%%
%%%%%%%%%%%%%%%%%%%%%%%%%%%%%%%%%%%%%%%%%%%%%%%%%%%%%%%%%%%%%%%%%%%%%%%%%%%%%%%

@phdthesis{anderson16theoretical,
  title={Theoretical Optical Second-Harmonic Calculations for Surfaces},
  author={Anderson, S. M.},
  year={2016},
  school={Centro de Investigaciones en Optica}
}


